<?xml version="1.0" encoding="utf-8"?>
<record xmlns="http://www.loc.gov/MARC21/slim" xmlns:xsi="http://www.w3.org/2001/XMLSchema-instance" xsi:schemaLocation="http://www.loc.gov/MARC21/slim http://www.loc.gov/standards/marcxml/schema/MARC21slim.xsd">
	<leader>     nam a22     Mi 4500</leader>
	<controlfield tag="001">2760181</controlfield>
	<controlfield tag="003">NjP</controlfield>
	<controlfield tag="006">m        d        </controlfield>
	<controlfield tag="007">cr cn |||m|||a</controlfield>
	<controlfield tag="008">190821s1968    iq      ob    000 0 ara  </controlfield>
	<datafield ind1=" " ind2=" " tag="040">
		<subfield code="a">ZYU</subfield>
		<subfield code="b">ara</subfield>
		<subfield code="e">rda</subfield>
		<subfield code="c">ZYU</subfield>
	</datafield>
	<datafield ind1=" " ind2=" " tag="043">
		<subfield code="a">n-us---</subfield>
		<subfield code="a">aw-----</subfield>
	</datafield>
	<datafield ind1="0" ind2="4" tag="050">
		<subfield code="a">DS63.2.U5</subfield>
		<subfield code="b">M78</subfield>
	</datafield>
	<datafield ind1="1" ind2=" " tag="100">
		<subfield code="6">880-01</subfield>
		<subfield code="a">Mohamad, Fadhil Zaky.</subfield>
	</datafield>
	<datafield ind1="1" ind2="3" tag="245">
		<subfield code="6">880-02</subfield>
		<subfield code="a">al-Istrātījīyah al-Amrīkīyah fī al-Sharq al-ʻArabī :</subfield>
		<subfield code="b">dirāsah taḥlīlīyah lil-taṭawwurāt allatī marrat bihā al-istrātījīyah al-Amrīkīyah fī al-Sharq al-ʻArabī wa-mawqifihā min ʻudwānay al-Suwīs wa 5 Ḥazīrān /</subfield>
		<subfield code="c">[taʼlīf] Fāḍil Zakī Muḥammad.</subfield>
	</datafield>
	<datafield ind1="1" ind2="4" tag="246">
		<subfield code="a">American strategy in the Arab East; an analytical study of the development of American strategy in the Arab East &amp; its connection with both Suez &amp; 5th June crises</subfield>
	</datafield>
	<datafield ind1=" " ind2=" " tag="250">
		<subfield code="6">880-03</subfield>
		<subfield code="a">[al-Ṭabʻah 1.].</subfield>
	</datafield>
	<datafield ind1=" " ind2=" " tag="260">
		<subfield code="6">880-04</subfield>
		<subfield code="a">Baghdād :</subfield>
		<subfield code="b">Sharikat al-Ṭabʻ wa-al-Nashr al-Ahlīyah,</subfield>
		<subfield code="c">1968.</subfield>
	</datafield>
	<datafield ind1=" " ind2=" " tag="300">
		<subfield code="a">online resource (127 pages)</subfield>
	</datafield>
	<datafield ind1=" " ind2=" " tag="336">
		<subfield code="a">text</subfield>
		<subfield code="2">rdacontent</subfield>
	</datafield>
	<datafield ind1=" " ind2=" " tag="337">
		<subfield code="a">computer</subfield>
		<subfield code="2">rdamedia</subfield>
	</datafield>
	<datafield ind1=" " ind2=" " tag="338">
		<subfield code="a">online resource</subfield>
		<subfield code="2">rdacarrier</subfield>
	</datafield>
	<datafield ind1=" " ind2=" " tag="500">
		<subfield code="a">Part of the Arabic Collections Online (ACO) project, contributed by Princeton University Libraries.</subfield>
	</datafield>
	<datafield ind1=" " ind2=" " tag="504">
		<subfield code="a">Includes bibliographical references (pages 119-123).</subfield>
	</datafield>
	<datafield ind1=" " ind2=" " tag="533">
		<subfield code="a">Electronic reproduction.</subfield>
		<subfield code="b">New York, N.Y. :</subfield>
		<subfield code="c">New York University,</subfield>
		<subfield code="d">2019.</subfield>
		<subfield code="5">NNU</subfield>
	</datafield>
	<datafield ind1=" " ind2="0" tag="651">
		<subfield code="a">United States</subfield>
		<subfield code="x">Foreign relations</subfield>
		<subfield code="z">Middle East.</subfield>
	</datafield>
	<datafield ind1=" " ind2="0" tag="651">
		<subfield code="a">Middle East</subfield>
		<subfield code="x">Foreign relations</subfield>
		<subfield code="z">United States.</subfield>
	</datafield>
	<datafield ind1=" " ind2="7" tag="650">
		<subfield code="a">Diplomatic relations.</subfield>
		<subfield code="2">fast</subfield>
		<subfield code="0">(OCoLC)fst01907412</subfield>
	</datafield>
	<datafield ind1=" " ind2="7" tag="651">
		<subfield code="a">Middle East.</subfield>
		<subfield code="2">fast</subfield>
		<subfield code="0">(OCoLC)fst01241586</subfield>
	</datafield>
	<datafield ind1=" " ind2="7" tag="651">
		<subfield code="a">United States.</subfield>
		<subfield code="2">fast</subfield>
		<subfield code="0">(OCoLC)fst01204155</subfield>
	</datafield>
	<datafield ind1="2" ind2=" " tag="710">
		<subfield code="a">Princeton University.</subfield>
		<subfield code="b">Library.</subfield>
	</datafield>
	<datafield ind1="0" ind2=" " tag="730">
		<subfield code="a">Arabic Collections Online.</subfield>
	</datafield>
	<datafield ind1="0" ind2="8" tag="776">
		<subfield code="i">Print version:</subfield>
		<subfield code="a">Mohamad, Fadhil Zaky.</subfield>
		<subfield code="t">al-Istrātījīyah al-Amrīkīyah fī al-Sharq al-ʻArabī</subfield>
		<subfield code="w">(NjP)2760181</subfield>
		<subfield code="w">(DLC) 77232361 </subfield>
		<subfield code="w">(OCoLC)23169784</subfield>
	</datafield>
	<datafield ind1="4" ind2="0" tag="856">
		<subfield code="u">http://hdl.handle.net/2333.1/4f4qrq36</subfield>
	</datafield>
	<datafield ind1="1" ind2=" " tag="880">
		<subfield code="6">100-01</subfield>
		<subfield code="a">محمد، فاضل زكي.</subfield>
	</datafield>
	<datafield ind1="1" ind2="2" tag="880">
		<subfield code="6">245-02</subfield>
		<subfield code="a">الاستراتيجية الأمريكية في الشرق العربي :</subfield>
		<subfield code="b">دراسة تحليلية للتطورات التي مرت بها الاستراتيجية الأمريكية في الشرق العربي وموقفها من عدواني السويس و 5 حزيران /</subfield>
		<subfield code="c">[تأليف] فاضل زكي محمد.</subfield>
	</datafield>
	<datafield ind1=" " ind2=" " tag="880">
		<subfield code="6">250-03</subfield>
		<subfield code="a">[الطبعة 1.].</subfield>
	</datafield>
	<datafield ind1=" " ind2=" " tag="880">
		<subfield code="6">260-04</subfield>
		<subfield code="a">بغداد :</subfield>
		<subfield code="b">شركة الطبع والنشر الأهلية،</subfield>
		<subfield code="c">1968.</subfield>
	</datafield>
	<datafield ind1=" " ind2=" " tag="959">
		<subfield code="a">NNU</subfield>
		<subfield code="b">WEB</subfield>
		<subfield code="c">GENI</subfield>
		<subfield code="t">0</subfield>
		<subfield code="m">Electronic access</subfield>
		<subfield code="s">01</subfield>
	</datafield>
	<datafield ind1=" " ind2=" " tag="999">
		<subfield code="i">NjP_2760181</subfield>
		<subfield code="o">(OCoLC)ocm23169784</subfield>
		<subfield code="s">princeton_aco002380</subfield>
		<subfield code="e">(ERROR-880)</subfield>
		<subfield code="s">princeton_aco002380</subfield>
	</datafield>
</record>
